@inproceedings{gilbert2014vader,
  title={Vader: A parsimonious rule-based model for sentiment analysis of social media text},
  author={Gilbert, CJ Hutto Eric},
  year={2014}
}

@inproceedings{roder2015exploring,
  title={Exploring the space of topic coherence measures},
  author={R{\"o}der, Michael and Both, Andreas and Hinneburg, Alexander},
  booktitle={Proceedings of the eighth ACM international conference on Web search and data mining},
  pages={399--408},
  year={2015},
  organization={ACM}
}